@article{vigasin2017,
 author = "A. Vigasin, I. Mohov",
 journal = "Известия РАН, Физика атмосферы и океана",
 volume = "53",
 year = "2017"
}

@book{frommhold,
  author = "L. Frommhold",
  title = "Collision-induced absorption in gases.",
  publisher = "Cambridge University Press",
  pages = "448",
  year = "2006"
}

@article{word2017,
  author = "R. Wordsworth and Y. Kalugina and S. Lokshtano and A. Vigasin and B. Ehlmann and J. Head and C. Sanders and H. Wang",
  title = "Transient reducing greenhouse warming on early Mars",
  journal = "Geophys. Res. Let",
  volume = "44",
  year = "2017"
}

@article{vigasin2015,
  author = "I. Buryak and A. Vigasin",
  title = "Classical calculation of the equilibrium constants for true bound dimers using complete potential energy surface",
  journal = "J. Chem. Phys.",
  volume = "143",
  year = "2015"
}
